
@article{eckert2008variation,
  title={Variation and the indexical field},
  author={Eckert, Penelope},
  journal={Journal of sociolinguistics},
  volume={12},
  number={4},
  pages={453--476},
  year={2008},
  publisher={Wiley Online Library}
}
@article{zhang2005chinese,
  title={A {C}hinese yuppie in {B}eijing: Phonological variation and the construction of a new professional identity},
  author={Zhang, Qing},
  journal={Language in Society},
  volume={34},
  number={03},
  pages={431--466},
  year={2005},
  publisher={Cambridge Univ Press}
}
@article{campbell2007accent,
  title={Accent, ({ING}), and the social logic of listener perceptions},
  author={Campbell-Kibler, Kathryn},
  journal={American speech},
  volume={82},
  number={1},
  pages={32--64},
  year={2007},
  publisher={Duke Univ Press}
}
@article{campbell2009nature,
  title={The nature of sociolinguistic perception},
  author={Campbell-Kibler, Kathryn},
  journal={Language Variation and Change},
  volume={21},
  number={01},
  pages={135--156},
  year={2009},
  publisher={Cambridge Univ Press}
}
@article{campbell2010sociolinguistics,
  title={Sociolinguistics and perception},
  author={Campbell-Kibler, Kathryn},
  journal={Language and Linguistics Compass},
  volume={4},
  number={6},
  pages={377--389},
  year={2010},
  publisher={Wiley Online Library}
}
@article{campbell2010effect,
  title={The effect of speaker information on attitudes toward ({ING})},
  author={Campbell-Kibler, Kathryn},
  journal={Journal of Language and Social Psychology},
  volume={29},
  number={2},
  pages={214--223},
  year={2010},
  publisher={SAGE Publications}
}

}
@article{watt2000phonetic,
  title={Phonetic parallels between the close-mid vowels of {T}yneside English: Are they internally or externally motivated?},
  author={Watt, Dominic JL},
  journal={Language Variation and Change},
  volume={12},
  number={01},
  pages={69--101},
  year={2000},
  publisher={Cambridge Univ Press}
}
@article{baranowski2008fronting,
  title={The fronting of the back upgliding vowels in {C}harleston, {S}outh {C}arolina},
  author={Baranowski, Maciej},
  journal={Language Variation and Change},
  volume={20},
  number={03},
  pages={527--551},
  year={2008},
  publisher={Cambridge Univ Press}
}
@article{fridland2006social,
  title={The social and linguistic conditioning of back vowel fronting across ethnic groups in {M}emphis, {T}ennessee},
  author={Fridland, Valerie and Bartlett, Kathy},
  journal={English Language and Linguistics},
  volume={10},
  number={01},
  pages={1--22},
  year={2006},
  publisher={Cambridge Univ Press}
}
@book{eckert2000language,
  title={Language variation as social practice: The linguistic construction of identity in {B}elten {H}igh},
  author={Eckert, Penelope},
  year={2000},
  publisher={Blackwell Oxford}
}
@article{johnstone2008indexicality,
  title={Indexicality and experience: {E}xploring the meanings of /aw/ monophthongization in {P}ittsburgh},
  author={Johnstone, Barbara and Kiesling, Scott F},
  journal={Journal of Sociolinguistics},
  volume={12},
  number={1},
  pages={5--33},
  year={2008},
  publisher={Wiley Online Library}
}
@article{haddican2013interaction,
  title={Interaction of social and linguistic constraints on two vowel changes in {N}orthern {E}ngland},
  author={Haddican, Bill and Foulkes, Paul and Hughes, Vincent and Richards, Hazel},
  journal={Language Variation and Change},
  volume={25},
  number={03},
  pages={371--403},
  year={2013},
  publisher={Cambridge Univ Press}
}
@book{labov2011principles,
  title={Principles of linguistic change: {C}ognitive and cultural factors},
  author={Labov, William},
  year={2011},
  publisher={John Wiley \& Sons}
}
@article{tagliamonte1996roots,
  title={Roots of {I}dentity: {V}ariation and grammaticization in contemporary {B}ritish {E}nglish},
  author={Tagliamonte, Sali},
  journal={{E}conomic and {S}ocial {R}esearch {C}ouncil of {G}reat {B}ritain},
  volume={221842},
  year={1997}
}
@techreport{haddican2008comparative,
  title={A comparative study of language change in {N}orthern {E}nglishes. {E}conomic and {S}ocial {R}esearch {C}ouncil ({ESRC}) of {G}reat {B}ritain},
  author={Haddican, B},
  year={2014},
  institution={RES-061-25-0033}
}
@misc{rosenfelder2011fave,
  title={FAVE ({F}orced {A}lignment and {V}owel {E}xtraction) Program Suite [Computer Program]},
  author={Rosenfelder, Ingrid and Fruehwald, Josef and Evanini, Keelan and Yuan, Jiahong},
  year={2011}
}
@article{albin2014praatr,
  title={Praat{R}: An architecture for controlling the phonetics software “{P}raat” with the {R} programming language},
  author={Albin, Aaron L},
  journal={The Journal of the Acoustical Society of America},
  volume={135},
  number={4},
  pages={2198--2199},
  year={2014},
  publisher={Acoustical Society of America}
}