@article{hay2006factors,
  title={From fush to feesh: Exemplar priming in speech perception},
  author={Hay, Jennifer and Nolan, Aaron and Drager, Katie},
  journal={The Linguistic Review},
  volume={23},
  number={3},
  pages={351--379},
  year={2006}
}
@article{niedzielski1999effect,
  title={The effect of social information on the perception of sociolinguistic variables},
  author={Niedzielski, Nancy},
  journal={Journal of language and social psychology},
  volume={18},
  number={1},
  pages={62--85},
  year={1999},
  publisher={Sage Publications}
}
@article{hay2010stuffed,
  title={Stuffed toys and speech perception},
  author={Hay, Jennifer and Drager, Katie},
  journal={Linguistics},
  volume={48},
  number={4},
  pages={865--892},
  year={2010}
}
@article{norris2008shortlist,
  title={Shortlist B: a Bayesian model of continuous speech recognition.},
  author={Norris, Dennis and McQueen, James M},
  journal={Psychological review},
  volume={115},
  number={2},
  pages={357},
  year={2008},
  publisher={American Psychological Association}
}
@article{johnson2006resonance,
  title={Resonance in an exemplar-based lexicon: The emergence of social identity and phonology},
  author={Johnson, Keith},
  journal={Journal of phonetics},
  volume={34},
  number={4},
  pages={485--499},
  year={2006},
  publisher={Elsevier}
}
@article{mcgurk1976hearing,
  title={Hearing lips and seeing voices},
  author={McGurk, Harry and MacDonald, John},
  year={1976},
  journal={Nature},
  volume={264},
  number={5588},
  pages={746--748},
  publisher={Nature Publishing Group}
}

@article{mcqueen2006phonological,
  title={Phonological abstraction in the mental lexicon},
  author={McQueen, James M and Cutler, Anne and Norris, Dennis},
  journal={Cognitive Science},
  volume={30},
  number={6},
  pages={1113--1126},
  year={2006},
  publisher={Wiley Online Library}
}
@article{ferragne2010formant,
  title={Formant frequencies of vowels in 13 accents of the British Isles},
  author={Ferragne, Emmanuel and Pellegrino, Fran{\c{c}}ois},
  journal={Journal of the International Phonetic Association},
  volume={40},
  number={1},
  pages={1--34},
  year={2010},
  publisher={Cambridge Univ Press}
}
@article{ladefoged1957information,
  title={Information conveyed by vowels},
  author={Ladefoged, Peter and Broadbent, Donald E},
  journal={The Journal of the Acoustical Society of America},
  volume={29},
  number={1},
  pages={98--104},
  year={1957},
  publisher={Acoustical Society of America}
}
@article{eckert2008variation,
  title={Variation and the indexical field},
  author={Eckert, Penelope},
  journal={Journal of sociolinguistics},
  volume={12},
  number={4},
  pages={453--476},
  year={2008},
  publisher={Wiley Online Library}
}
@book{podesva2006phonetic,
  title={Phonetic detail in sociolinguistic variation: Its linguistic significance and role in the construction of social meaning},
  author={Podesva, Robert Jay},
  year={2006},
  publisher={Unpublished PhD Dissertation.Stanford University}
}
@article{zhang2005chinese,
  title={A Chinese yuppie in Beijing: Phonological variation and the construction of a new professional identity},
  author={Zhang, Qing},
  journal={Language in Society},
  volume={34},
  number={03},
  pages={431--466},
  year={2005},
  publisher={Cambridge Univ Press}
}
@article{campbell2007accent,
  title={Accent,(ING), and the social logic of listener perceptions},
  author={Campbell-Kibler, Kathryn},
  journal={American speech},
  volume={82},
  number={1},
  pages={32--64},
  year={2007},
  publisher={Duke Univ Press}
}
@article{campbell2009nature,
  title={The nature of sociolinguistic perception},
  author={Campbell-Kibler, Kathryn},
  journal={Language Variation and Change},
  volume={21},
  number={01},
  pages={135--156},
  year={2009},
  publisher={Cambridge Univ Press}
}
@article{campbell2010sociolinguistics,
  title={Sociolinguistics and perception},
  author={Campbell-Kibler, Kathryn},
  journal={Language and Linguistics Compass},
  volume={4},
  number={6},
  pages={377--389},
  year={2010},
  publisher={Wiley Online Library}
}
@article{campbell2010effect,
  title={The effect of speaker information on attitudes toward (ING)},
  author={Campbell-Kibler, Kathryn},
  journal={Journal of Language and Social Psychology},
  volume={29},
  number={2},
  pages={214--223},
  year={2010},
  publisher={SAGE Publications}
}
@article{johnson1999auditory,
  title={Auditory--visual integration of talker gender in vowel perception},
  author={Johnson, Keith and Strand, Elizabeth A and D'Imperio, Mariapaola},
  journal={Journal of Phonetics},
  volume={27},
  number={4},
  pages={359--384},
  year={1999},
  publisher={Elsevier}
}
@article{strand1999uncovering,
  title={Uncovering the role of gender stereotypes in speech perception},
  author={Strand, Elizabeth A},
  journal={Journal of Language and Social Psychology},
  volume={18},
  number={1},
  pages={86--100},
  year={1999},
  publisher={Sage Publications}
}
@book{drager2009sociophonetic,
  title={A sociophonetic ethnography of Selwyn Girls' High},
  author={Drager, Katie},
  year={2009},
  publisher={Unpublished PhD Dissertation. University of Canterbury. Languages, Cultures and Linguistics}
}
@article{plichta2005ay,
  title={The/ay/s have It the perception of/ay/as a north-south stereotype in United States English},
  author={Plichta, Bartlomiej and Preston, Dennis R},
  journal={Acta Linguistica Hafniensia},
  volume={37},
  number={1},
  pages={107--130},
  year={2005},
  publisher={Taylor \& Francis}
}
@book{niedzielski2003folk,
  title={Folk linguistics},
  author={Niedzielski, Nancy A and Preston, Dennis Richard},
  volume={122},
  year={2003},
  publisher={Walter de Gruyter}
}
@article{preston1996whaddayaknow,
  title={Whaddayaknow?: The modes of folk linguistic awareness},
  author={Preston, Dennis R},
  journal={Language awareness},
  volume={5},
  number={1},
  pages={40--74},
  year={1996},
  publisher={Taylor \& Francis}
}
@article{watt2000phonetic,
  title={Phonetic parallels between the close-mid vowels of Tyneside English: Are they internally or externally motivated?},
  author={Watt, Dominic JL},
  journal={Language Variation and Change},
  volume={12},
  number={01},
  pages={69--101},
  year={2000},
  publisher={Cambridge Univ Press}
}
@misc{eckert2000linguistic,
  title={Linguistic variation as social practice: The linguistic construction of social meaning in Belten High},
  author={Eckert, Penelope},
  year={2000},
  publisher={Oxford: Blackwell}
}
@article{schilling1998investigating,
  title={Investigating “self-conscious” speech: The performance register in Ocracoke English},
  author={Schilling-Estes, Natalie},
  journal={Language in Society},
  volume={27},
  number={01},
  pages={53--83},
  year={1998},
  publisher={Cambridge Univ Press}
}
@article{fridland2004you,
  title={Do you hear what I hear? Experimental measurement of the perceptual salience of acoustically manipulated vowel variants by Southern speakers in Memphis, TN},
  author={Fridland, Valerie and Bartlett, Kathryn and Kreuz, Roger},
  journal={Language Variation and Change},
  volume={16},
  number={01},
  pages={1--16},
  year={2004},
  publisher={Cambridge Univ Press}
}
@article{kendall2012variation,
  title={Variation in perception and production of mid front vowels in the US Southern Vowel Shift},
  author={Kendall, Tyler and Fridland, Valerie},
  journal={Journal of Phonetics},
  volume={40},
  number={2},
  pages={289--306},
  year={2012},
  publisher={Elsevier}
}